<?xml version="1.0" encoding="UTF-8"?><record xmlns="http://www.loc.gov/MARC21/slim" xmlns:cinclude="http://apache.org/cocoon/include/1.0" xmlns:zs="http://www.loc.gov/zing/srw/">
  <leader>00619cz  a2200157n  4500</leader>
  <controlfield tag="001">no2003071336</controlfield>
  <controlfield tag="003">DLC</controlfield>
  <controlfield tag="005">20040902143038.0</controlfield>
  <controlfield tag="008">030721n| acannaabn          |a aaa      </controlfield>
  <datafield tag="010" ind1=" " ind2=" ">
    <subfield code="a">no2003071336</subfield>
    <subfield code="z">no2004082022</subfield>
  </datafield>
  <datafield tag="035" ind1=" " ind2=" ">
    <subfield code="a">(OCoLC)oca06104948</subfield>
  </datafield>
  <datafield tag="040" ind1=" " ind2=" ">
    <subfield code="a">DLC-ON</subfield>
    <subfield code="b">eng</subfield>
    <subfield code="c">DLC-ON</subfield>
    <subfield code="d">DLC</subfield>
  </datafield>
  <datafield tag="100" ind1="0" ind2=" ">
    <subfield code="a">Surjit Kaur,</subfield>
    <subfield code="d">1935-</subfield>
  </datafield>
  <datafield tag="400" ind1="1" ind2=" ">
    <subfield code="a">Kaur, Surjit,</subfield>
    <subfield code="d">1935-</subfield>
  </datafield>
  <datafield tag="670" ind1=" " ind2=" ">
    <subfield code="a">Amongst the Sikhs, 2003:</subfield>
    <subfield code="b">t.p. (Dr. Surjit Kaur) jkt. (professional counsellor in Virginia, U.S.; master's degree in education fr. U. of Idaho and doctorate in counselling fr. Washington State U.)</subfield>
  </datafield>
  <datafield tag="670" ind1=" " ind2=" ">
    <subfield code="a">LC catalog, 7/21/03:</subfield>
    <subfield code="b">(hdg.: Surjit Kaur, 1935-)</subfield>
  </datafield>
</record>